
  @Manual{tidyverse,
    title = {tidyverse: Easily Install and Load the 'Tidyverse'},
    author = {Hadley Wickham},
    year = {2017},
    note = {R package version 1.2.1},
    url = {https://CRAN.R-project.org/package=tidyverse},
  }


@Manual{bbsRDM,
  title = {bbsRDM: Calculate regime detection metrics using bird communities},
  author = {Jessica Burnett},
  year = {2019},
  note = {R package version 0.1.0}
  }

@Manual{regimeDetectionMeasures,title = {regimeDetectionMeasures: Calculate Measures for Detecting Ecological Regimes},
  author = {Jessica Burnett and Nathaniel Price},
  year = {2019},
  note = {R package version 0.1.0},
}



@Manual{tvdiff,
  title = {tvdiff: Numerical differentiation of noisy, nonsmooth data},
  author = {Nathaniel Price and Jessica Burnett},
  year = {2019},
  note = {R package version 0.0.9000},
}


  @Manual{pander,
    title = {pander: An R 'Pandoc' Writer},
    author = {Gergely Daróczi and Roman Tsegelskyi},
    year = {2018},
    note = {R package version 0.6.3},
    url = {https://CRAN.R-project.org/package=pander},
  }

 
  @Book{ggplot2,
    author = {Hadley Wickham},
    title = {ggplot2: Elegant Graphics for Data Analysis},
    publisher = {Springer-Verlag New York},
    year = {2016},
    isbn = {978-3-319-24277-4},
    url = {https://ggplot2.tidyverse.org},
  }

  @Manual{ggthemes,
    title = {ggthemes: Extra Themes, Scales and Geoms for 'ggplot2'},
    author = {Jeffrey B. Arnold},
    year = {2019},
    note = {R package version 4.1.0},
    url = {https://CRAN.R-project.org/package=ggthemes},
  }


  @Manual{gapminder,
    title = {gapminder: Data from Gapminder},
    author = {Jennifer Bryan},
    year = {2017},
    note = {R package version 0.3.0},
    url = {https://CRAN.R-project.org/package=gapminder},
  }

  @Manual{devtools,
    title = {devtools: Tools to Make Developing R Packages Easier},
    author = {Hadley Wickham and Jim Hester and Winston Chang},
    year = {2019},
    note = {R package version 2.0.2},
    url = {https://CRAN.R-project.org/package=devtools},
  }


  @Manual{here,
    title = {here: A Simpler Way to Find Your Files},
    author = {Kirill Müller},
    year = {2017},
    note = {R package version 0.1},
    url = {https://CRAN.R-project.org/package=here},
  }

  @Manual{dplyr,
    title = {dplyr: A Grammar of Data Manipulation},
    author = {Hadley Wickham and Romain François and Lionel Henry and Kirill Müller},
    year = {2019},
    note = {R package version 0.8.0.1},
    url = {https://CRAN.R-project.org/package=dplyr},
  }

  @Manual{kableExtra,
    title = {kableExtra: Construct Complex Table with 'kable' and Pipe Syntax},
    author = {Hao Zhu},
    year = {2019},
    note = {R package version 1.1.0},
    url = {https://CRAN.R-project.org/package=kableExtra},
  }


  @Manual{gganimate,
    title = {gganimate: A Grammar of Animated Graphics},
    author = {Thomas Lin Pedersen and David Robinson},
    year = {2019},
    note = {R package version 1.0.2},
    url = {https://CRAN.R-project.org/package=gganimate},
  }

@Article{sp,
  author = {Edzer J. Pebesma and Roger S. Bivand},
  title = {sp:Classes and methods for spatial data in {R}},
  journal = {R News},
  year = {2005},
  volume = {5},
  number = {2},
  pages = {9--13},
  month = {November},
  url = {https://CRAN.R-project.org/doc/Rnews/},
}

@Book{sp2,
  author = {Roger S. Bivand and Edzer Pebesma and Virgilio Gomez-Rubio},
  title = {Applied spatial data analysis with {R}, Second edition},
  year = {2013},
  publisher = {Springer, NY},
  url = {http://www.asdar-book.org/},
}

@Manual{rmarkdown,
  title = {rmarkdown: Dynamic Documents for R},
  author = {JJ Allaire and Yihui Xie and Jonathan McPherson and Javier Luraschi and Kevin Ushey and Aron Atkins and Hadley Wickham and Joe Cheng and Winston Chang and Richard Iannone},
  year = {2019},
  note = {R package version 1.12},
  url = {https://rmarkdown.rstudio.com},
}

@Book{rmarkdown2,
  title = {R Markdown: The Definitive Guide},
  author = {Yihui Xie and J.J. Allaire and Garrett Grolemund},
  publisher = {Chapman and Hall/CRC},
  address = {Boca Raton, Florida},
  year = {2018},
  note = {ISBN 9781138359338},
  url = {https://bookdown.org/yihui/rmarkdown},
}

  @Manual{raster,
    title = {raster: Geographic Data Analysis and Modeling},
    author = {Robert J. Hijmans},
    year = {2019},
    note = {R package version 2.8-19},
    url = {https://CRAN.R-project.org/package=raster},
  }



  @Manual{feather,
    title = {feather: R Bindings to the Feather 'API'},
    author = {Hadley Wickham},
    year = {2019},
    note = {R package version 0.3.3},
    url = {https://CRAN.R-project.org/package=feather},
  }



  @Manual{maps,
    title = {maps: Draw Geographical Maps},
    author = {Original S code by Richard A. Becker and Allan R. Wilks. R version by Ray Brownrigg. Enhancements by Thomas P Minka and Alex Deckmyn.},
    year = {2018},
    note = {R package version 3.3.0},
    url = {https://CRAN.R-project.org/package=maps},
  }

  @Manual{gridExtra,
    title = {gridExtra: Miscellaneous Functions for "Grid" Graphics},
    author = {Baptiste Auguie},
    year = {2017},
    note = {R package version 2.3},
    url = {https://CRAN.R-project.org/package=gridExtra},
  }


  @Manual{kedd,
    title = {kedd: Kernel estimator and bandwidth selection for density and its derivatives.},
    author = {A.C. Guidoum},
    year = {2015},
    note = {R package version 1.0.3},
    url = {http://CRAN.R-project.org/package=kedd},
  }


  @Manual{caTools,
    title = {caTools: Tools: moving window statistics, GIF, Base64, ROC AUC, etc.},
    author = {Jarek Tuszynski},
    year = {2019},
    note = {R package version 1.17.1.2},
    url = {https://CRAN.R-project.org/package=caTools},
  }


  @Article{deSolve,
    title = {Solving Differential Equations in R: Package deSolve},
    author = {Karline Soetaert and Thomas Petzoldt and R. Woodrow Setzer},
    journal = {Journal of Statistical Software},
    volume = {33},
    number = {9},
    pages = {1--25},
    year = {2010},
    coden = {JSSOBK},
    issn = {1548-7660},
    url = {http://www.jstatsoft.org/v33/i09},
    doi = {10.18637/jss.v033.i09},
    keywords = {ordinary differential equations, partial differential
    equations, differential algebraic equations, initial value problems,
    R, FORTRAN, C},
  }


 @Manual{DiagrammeR,
    title = {DiagrammeR: Graph/Network Visualization},
    author = {Richard Iannone},
    year = {2018},
    note = {R package version 1.0.0},
    url = {https://CRAN.R-project.org/package=DiagrammeR},
  }


  @Manual{webshot,
    title = {webshot: Take Screenshots of Web Pages},
    author = {Winston Chang},
    year = {2018},
    note = {R package version 0.5.1},
    url = {https://CRAN.R-project.org/package=webshot},
  }
  
@Manual{revtools,
  title = {{revtools}: Tools to Support Evidence Synthesis},
  author = {Martin J. Westgate},
  year = {2018},
  note = {R package version 0.3.0},
  url = {https://CRAN.R-project.org/package=revtools},
}

@Article{revtools2,
  title = {revtools: bibliographic data visualization for evidence synthesis in R},
  author = {Martin J. Westgate},
  year = {2018},
  journal = {bioArXiv},
  doi = {10.1101/262881},
}
@Manual{bookdown,
  title = {bookdown: Authoring Books and Technical Documents with R Markdown},
  author = {Yihui Xie},
  year = {2018},
  note = {R package version 0.9},
  url = {https://github.com/rstudio/bookdown},
}

@Book{bookdown2,
  title = {bookdown: Authoring Books and Technical Documents with {R} Markdown},
  author = {Yihui Xie},
  publisher = {Chapman and Hall/CRC},
  address = {Boca Raton, Florida},
  year = {2016},
  note = {ISBN 978-1138700109},
  url = {https://github.com/rstudio/bookdown},
}

  @Manual{base,
    title = {R: A Language and Environment for Statistical Computing},
    author = {{R Core Team}},
    organization = {R Foundation for Statistical Computing},
    address = {Vienna, Austria},
    year = {2018},
    url = {https://www.R-project.org/},
  }
