@article{leigh2010cyanobacterial,
  title={Cyanobacterial blooms: assessing reservoir vulnerability},
  author={Leigh, C and Burford, MA and Roberts, DT and Udy, JW},
  journal={Water},
  volume={37},
  pages={71--75},
  year={2010}
}


@article{taranu2018can,
  title={Can we detect ecosystem critical transitions and signals of changing resilience from paleo-ecological records?},
  author={Taranu, Zofia E and Carpenter, Stephen R and Frossard, Victor and Jenny, Jean-Philippe and Thomas, Zo{\"e} and Vermaire, Jesse C and Perga, Marie-Elodie},
  journal={Ecosphere},
  volume={9},
  number={10},
  year={2018},
  note={online DLM and TVARSS},
  publisher={Wiley Online Library}
}

@article{parparov2015quantifying,
  title={Quantifying the ecological stability of a phytoplankton community: the Lake Kinneret case study},
  author={Parparov, Arkadi and Gal, Gideon and Zohary, Tamar},
  journal={Ecological indicators},
  volume={56},
  pages={134--144},
  year={2015},
  publisher={Elsevier}
}
