@article{levin2015marine,
  title={Marine ecosystem regime shifts: challenges and opportunities for ecosystem-based management},
  author={Levin, Phillip S and M{\"o}llmann, Christian},
  journal={Philosophical Transactions of the Royal Society B: Biological Sciences},
  volume={370},
  number={1659},
  pages={20130275},
  year={2015},
  publisher={The Royal Society}
}

@article{beisner2003alternative,
  title={Alternative stable states in ecology},
  author={Beisner, Beatrix E and Haydon, Daniel T and Cuddington, Kim},
  journal={Frontiers in Ecology and the Environment},
  volume={1},
  number={7},
  pages={376--382},
  year={2003},
  publisher={Wiley Online Library}
}

